

@book{netzer_2013, place={Cambridge}, title={\emph{"The Physics and Evolution of Active Galactic Nuclei"}},  publisher={Cambridge University Press}, author={Netzer, Hagai}, year={2013}}

@BOOK{1986rpa..book.....R,
       author = {{Rybicki}, George B. and {Lightman}, Alan P.},
        title = "{\emph{"Radiative Processes in Astrophysics"}}",
         year = 1986
}

@book{carroll_ostlie_2017, place={Cambridge}, edition={2}, title={\emph{"An Introduction to Modern Astrophysics"}}, publisher={Cambridge University Press}, author={Carroll, Bradley W. and Ostlie, Dale A.}, year={2017}}

@ARTICLE{1991ApJ,
       author = {{Haardt}, F. and {Maraschi}, L.},
        title = "{\emph{"A Two-Phase Model for the X-Ray Emission from Seyfert Galaxies"}}",
      journal = {\apjl},
         year = 1991,
        month = oct
}

@BOOK{AccrPower,
       author = {{Frank}, Juhan and {King}, Andrew and {Raine}, Derek J.},
        title = "{\emph{"Accretion Power in Astrophysics: Third Edition"}}",
         year = 2002
}

@INPROCEEDINGS{TopCat,
       author = {{Taylor}, M.~B.},
        title = "{\emph{"TOPCAT \& STIL: Starlink Table/VOTable Processing Software"}}",
    booktitle = {Astronomical Data Analysis Software and Systems XIV},
         year = 2005,
       editor = {{Shopbell}, P. and {Britton}, M. and {Ebert}, R.}
}


@ARTICLE{2013ApJ...771....9A,
       author = {{Allevato}, V. and {Paolillo}, M. and {Papadakis}, I. and {Pinto}, C.},
        title = "{\emph{"Measuring X-Ray Variability in Faint/Sparsely Sampled Active Galactic Nuclei"}}",
      journal = {\apj},
     keywords = {accretion, accretion disks, galaxies: active, methods: statistical, surveys, X-rays: general, Astrophysics - High Energy Astrophysical Phenomena, Astrophysics - Cosmology and Nongalactic Astrophysics},
         year = 2013,
        month = jul
}

@ARTICLE{2017MNRAS.471.4398P,
       author = {{Paolillo}, M. and {Papadakis}, I. and {Brandt}, W.~N. and {Luo}, B. and {Xue}, Y.~Q. and {Tozzi}, P. and {Shemmer}, O. and {Allevato}, V. and {Bauer}, F.~E. and {Comastri}, A. and {Gilli}, R. and {Koekemoer}, A.~M. and {Liu}, T. and {Vignali}, C. and {Vito}, F. and {Yang}, G. and {Wang}, J.~X. and {Zheng}, X.~C.},
        title = "{\emph{"Tracing the accretion history of supermassive black holes through X-ray variability: results from the ChandraDeep Field-South"}}",
      journal = {\mnras},
         year = 2017,
        month = nov
}

@ARTICLE{2004ApJ...611...93P,
       author = {{Paolillo}, M. and {Schreier}, E.~J. and {Giacconi}, R. and {Koekemoer}, A.~M. and {Grogin}, N.~A.},
        title = "{\emph{"Prevalence of X-Ray Variability in the Chandra Deep Field-South"}}",
      journal = {\apj},
         year = 2004,
        month = aug
}

@ARTICLE{2012A&A...542A..83P,
       author = {{Ponti}, G. and {Papadakis}, I. and {Bianchi}, S. and {Guainazzi}, M. and {Matt}, G. and {Uttley}, P. and {Bonilla}, N.~F.},
        title = "{\emph{"CAIXA: a catalogue of AGN in the XMM-Newton archive. III. Excess variance analysis"}}",
      journal = {\aap},
         year = 2012,
        month = jun
}

@ARTICLE{1993MNRAS.261..612P,
       author = {{Papadakis}, I.~E. and {Lawrence}, A.},
        title = "{\emph{"Improved Methods for Power Spectrum Modelling of Red Noise"}}",
      journal = {\mnras},
     keywords = {methods: data analysis},
         year = 1993,
        month = apr
}

@ARTICLE{2012A&A...544A..80G,
       author = {{Gonz{\'a}lez-Mart{\'\i}n}, O. and {Vaughan}, S.},
        title = "{\emph{"X-ray variability of 104 active galactic nuclei. XMM-Newton power-spectrum density profiles"}}",
      journal = {\aap},
         year = 2012,
        month = aug
}

@article{Sartori_2018,
   title={\emph{"A model for AGN variability on multiple time-scales"}},
   volume={476},
   journal={Monthly Notices of the Royal Astronomical Society: Letters},
   publisher={Oxford University Press (OUP)},
   author={Sartori, Lia F and Schawinski, Kevin and Trakhtenbrot, Benny and Caplar, Neven and Treister, Ezequiel and Koss, Michael J and Megan Urry, C and Zhang, Ce},
   year={2018},
   month={Feb}
}

@ARTICLE{2008A&A...487..475P,
       author = {{Papadakis}, I.~E. and {Chatzopoulos}, E. and {Athanasiadis}, D. and {Markowitz}, A. and {Georgantopoulos}, I.},
        title = "{\emph{"The long-term X-ray variability properties of AGNs in the Lockman Hole region"}}",
      journal = {\aap},
     keywords = {galaxies: active, X-rays: galaxies, Astrophysics},
         year = 2008,
        month = aug
}

@ARTICLE{2004MNRAS.348..207P,
       author = {{Papadakis}, I.~E.},
        title = "{\emph{"The scaling of the X-ray variability with black hole mass in active galactic nuclei"}}",
      journal = {\mnras},
         year = 2004,
        month = feb
}

@INPROCEEDINGS{2006ASPC..360...85M,
       author = {{McHardy}, I. and {Uttley}, P. and {Taylor}, R. and {Papadakis}, I.},
        title = "{\emph{"The AGN/X-Ray Binary Connection"}}",
    booktitle = {AGN Variability from X-Rays to Radio Waves},
         year = 2006,
       editor = {{Gaskell}, C. Martin and {McHardy}, Ian M. and {Peterson}, Bradley M. and {Sergeev}, Sergey G.},
       series = {Astronomical Society of the Pacific Conference Series},
       volume = {360},
        month = dec
}

@ARTICLE{2017MNRAS.471.1976G,
       author = {{Georgakakis}, A. and {Aird}, J. and {Schulze}, A. and {Dwelly}, T. and {Salvato}, M. and {Nandra}, K. and {Merloni}, A. and {Schneider}, D.~P.},
        title = "{\emph{"Observational constraints on the specific accretion-rate distribution of X-ray-selected AGNs"}}",
      journal = {\mnras},
         year = 2017,
        month = oct
}

@ARTICLE{2020yCat.9059....0W,
       author = {{Webb}, N.~A. and {Coriat}, M. and {Traulsen}, I. and {Ballet}, J. and {Motch}, C. and {Carrera}, F.~J. and {Koliopanos}, F. and {Authier}, J. and {de La Calle}, I. and {Ceballos}, M.~T. and {Colomo}, E. and {Chuard}, D. and {Freyberg}, M. and {Garcia}, T. and {Kolehmainen}, M. and {Lamer}, G. and {Lin}, D. and {Maggi}, P. and {Michel}, L. and {Page}, C.~G. and {Page}, M.~J. and {Perea-Calderon}, J.~V. and {Pineau}, F. -X. and {Rodriguez}, P. and {Rosen}, S.~R. and {Santos Lleo}, M. and {Saxton}, R.~D. and {Schwope}, A. and {Tomas}, L. and {Watson}, M.~G. and {Zakardjian}, A.},
        title = "{\emph{"VizieR Online Data Catalog: XMM-Newton Serendipitous Source Catalogue 4XMM-DR9 (Webb+, 2020)"}}",
      journal = {VizieR Online Data Catalog},
         year = 2020,
        month = jul
}

@INPROCEEDINGS{2006ASPC..360..101U,
       author = {{Uttley}, P.},
        title = "{\emph{"The Relationship Between Optical and X-ray Variability in Seyfert Galaxies"}}",
    booktitle = {AGN Variability from X-Rays to Radio Waves},
         year = 2006,
       editor = {{Gaskell}, C. Martin and {McHardy}, Ian M. and {Peterson}, Bradley M. and {Sergeev}, Sergey G.},
       series = {Astronomical Society of the Pacific Conference Series},
       volume = {360},
        month = dec
}


@INPROCEEDINGS{2006ASPC..360..111G,
       author = {{Gaskell}, C.~M.},
        title = "{\emph{"Optical and X-ray Variability of AGNs"}}",
     keywords = {Astrophysics},
    booktitle = {AGN Variability from X-Rays to Radio Waves},
         year = 2006,
       editor = {{Gaskell}, C. Martin and {McHardy}, Ian M. and {Peterson}, Bradley M. and {Sergeev}, Sergey G.},
       series = {Astronomical Society of the Pacific Conference Series},
       volume = {360},
        month = dec
}


@ARTICLE{2005A&A...430..435A,
       author = {{Ar{\'e}valo}, P. and {Papadakis}, I. and {Kuhlbrodt}, B. and {Brinkmann}, W.},
        title = "{\emph{"X-ray to UV variability correlation in MCG-6-30-15"}}",
      journal = {\aap},
         year = 2005,
        month = feb
}


@ARTICLE{2004astro.ph..9151H,
       author = {{Halevin}, A.~V.},
        title = "{\emph{"Multidimensional analysis of X-ray variability of AGN"}}",
      journal = {arXiv e-prints},
     keywords = {Astrophysics},
         year = 2004,
        month = sep
}

@ARTICLE{PIMMS,
       author = {{Mukai}, K.},
        title = "{\emph{"PIMMS and Viewing: proposal preparation tools"}}",
      journal = {Legacy},
         year = 1993,
        month = may
}

@ARTICLE{2017MNRAS.469.3232G,
       author = {{Georgakakis}, A. and {Salvato}, M. and {Liu}, Z. and {Buchner}, J. and {Brandt}, W.~N. and {Ananna}, T. Tasnim and {Schulze}, A. and {Shen}, Yue and {LaMassa}, S. and {Nandra}, K. and {Merloni}, A. and {McGreer}, I.~D.},
        title = "{\emph{"X-ray constraints on the fraction of obscured active galactic nuclei at high accretion luminosities"}}",
      journal = {\mnras},
         year = 2017,
        month = aug
}


@ARTICLE{ULTRANEST,
       author = {{Buchner}, Johannes},
        title = "{\emph{"UltraNest - a robust, general purpose Bayesian inference engine"}}",
      journal = {The Journal of Open Source Software},
         year = 2021,
        month = apr
}

@ARTICLE{Buchner2021,
       author = {{Buchner}, Johannes},
        title = "{\emph{"Nested Sampling Methods"}}",
      journal = {arXiv e-prints},
         year = 2021,
        month = jan
}

@ARTICLE{Buchner2014,
       author = {{Buchner}, Johannes},
        title = "{\emph{"A statistical test for Nested Sampling algorithms"}}",
      journal = {arXiv e-prints},
         year = 2014,
        month = jul
}



@ARTICLE{BuchnerGeorgakakis,
       author = {{Buchner}, J. and {Georgakakis}, A. and {Nandra}, K. and {Hsu}, L. and {Rangel}, C. and {Brightman}, M. and {Merloni}, A. and {Salvato}, M. and {Donley}, J. and {Kocevski}, D.},
        title = "{\emph{"X-ray spectral modelling of the AGN obscuring region in the CDFS: Bayesian model selection and catalogue"}}",
      journal = {\aap},
         year = 2014,
        month = apr
}


@article{wang2013dissecting,
  title={\emph{"Dissecting X-ray-emitting gas around the center of our galaxy"}},
  author={Wang, QD and Nowak, MA and Markoff, SB and Baganoff, FK and Nayakshin, S and Yuan, F and Cuadra, J and Davis, J and Dexter, J and Fabian, AC and others},
  journal={Science},
  volume={341},
  year={2013},
  publisher={American Association for the Advancement of Science}
}


@article{Grant2019,
author = "Matthew Aaron Thomas Grant",
title = "{\emph{"X-ray Variability, Excess Variances and the Black Hole Properties of AGN"}}",
year = "2019",
month = "1"
}






@ARTICLE{2017MNRAS.471.4398P,
       author = {{Paolillo}, M. and {Papadakis}, I. and {Brandt}, W.~N. and {Luo}, B. and {Xue}, Y.~Q. and {Tozzi}, P. and {Shemmer}, O. and {Allevato}, V. and {Bauer}, F.~E. and {Comastri}, A. and {Gilli}, R. and {Koekemoer}, A.~M. and {Liu}, T. and {Vignali}, C. and {Vito}, F. and {Yang}, G. and {Wang}, J.~X. and {Zheng}, X.~C.},
        title = "{\emph{"Tracing the accretion history of supermassive black holes through X-ray variability: results from the ChandraDeep Field-South"}}",
      journal = {\mnras},
         year = 2017,
        month = nov
}





@ARTICLE{2019A&A...628L...4L,
       author = {{Lusso}, E. and {Piedipalumbo}, E. and {Risaliti}, G. and {Paolillo}, M. and {Bisogni}, S. and {Nardini}, E. and {Amati}, L.},
        title = "{\emph{"Tension with the flat {\ensuremath{\Lambda}}CDM model from a high-redshift Hubble diagram of supernovae, quasars, and gamma-ray bursts"}}",
      journal = {\aap},
         year = 2019,
        month = aug
}



@ARTICLE{2003MNRAS.339.1237V,
       author = {{Vaughan}, S. and {Fabian}, A.~C. and {Nandra}, K.},
        title = "{\emph{"X-ray continuum variability of MCG-6-30-15"}}",
      journal = {\mnras},
     keywords = {galaxies: active, galaxies: individual: MCG-6-30-15, galaxies: Seyfert, X-rays: galaxies, Astrophysics},
         year = 2003,
        month = mar
}


@ARTICLE{2003MNRAS.345.1271V,
       author = {{Vaughan}, S. and {Edelson}, R. and {Warwick}, R.~S. and {Uttley}, P.},
        title = "{\emph{"On characterizing the variability properties of X-ray light curves from active galaxies"}}",
      journal = {\mnras},
         year = 2003,
        month = nov
}

@ARTICLE{1997ApJ...476...70N,
       author = {{Nandra}, K. and {George}, I.~M. and {Mushotzky}, R.~F. and {Turner}, T.~J. and {Yaqoob}, T.},
        title = "{\emph{"ASCA Observations of Seyfert 1 Galaxies. I. Data Analysis, Imaging, and Timing"}}",
      journal = {\apj},
         year = 1997,
        month = feb
}

@ARTICLE{1986ApJ...303..336G,
       author = {{Gehrels}, N.},
        title = "{\emph{"Confidence Limits for Small Numbers of Events in Astrophysical Data"}}",
      journal = {\apj},
         year = 1986,
        month = apr
}


@ARTICLE{1998ApJ...495..100J,
       author = {{Jones}, L.~R. and {Scharf}, C. and {Ebeling}, H. and {Perlman}, E. and {Wegner}, G. and {Malkan}, M. and {Horner}, D.},
        title = "{\emph{"The WARPS Survey. II. The log N-- log S Relation and the X-Ray Evolution of Low-Luminosity Clusters of Galaxies"}}",
      journal = {\apj},
         year = 1998,
        month = mar
}



@ARTICLE{2002astro.ph.10394H,
       author = {{Hogg}, David W. and {Baldry}, Ivan K. and {Blanton}, Michael R. and {Eisenstein}, Daniel J.},
        title = "{\emph{"The K correction"}}",
         year = 2002,
        month = oct
}

@ARTICLE{2016MNRAS.459.1602L,
       author = {{Liu}, Zhu and {Merloni}, Andrea and {Georgakakis}, Antonis and {Menzel}, Marie-Luise and {Buchner}, Johannes and {Nandra}, Kirpal and {Salvato}, Mara and {Shen}, Yue and {Brusa}, Marcella and {Streblyanska}, Alina},
        title = "{\emph{"X-ray spectral properties of the AGN sample in the northern XMM-XXL field"}}",
      journal = {\mnras},
         year = 2016,
        month = jun
}


@ARTICLE{2017MNRAS.469.3232G,
       author = {{Georgakakis}, A. and {Salvato}, M. and {Liu}, Z. and {Buchner}, J. and {Brandt}, W.~N. and {Ananna}, T. Tasnim and {Schulze}, A. and {Shen}, Yue and {LaMassa}, S. and {Nandra}, K. and {Merloni}, A. and {McGreer}, I.~D.},
        title = "{\emph{"X-ray constraints on the fraction of obscured active galactic nuclei at high accretion luminosities"}}",
      journal = {\mnras},
         year = 2017,
        month = aug
}


@ARTICLE{shankar,
       author = {{Shankar}, Francesco and {Sonnenfeld}, Alessandro and {Mamon}, Gary A. and {Chae}, Kyu-Hyun and {Gavazzi}, Raphael and {Treu}, Tommaso and {Diemer}, Benedikt and {Nipoti}, Carlo and {Buchan}, Stewart and {Bernardi}, Mariangela and {Sheth}, Ravi and {Huertas-Company}, Marc},
        title = "{\emph{"Revisiting the Bulge-Halo Conspiracy. I. Dependence on Galaxy Properties and Halo Mass"}}",
      journal = {\apj},
         year = 2017,
        month = may
}



@ARTICLE{savorgnan,
       author = {{Savorgnan}, Giulia A.~D. and {Graham}, Alister W. and {Marconi}, Alessandro and {Sani}, Eleonora},
        title = "{\emph{"Supermassive Black Holes and Their Host Spheroids. II. The Red and Blue Sequence in the M$_{BH}$-M$_{*,sph}$ Diagram"}}",
      journal = {\apj},
         year = 2016,
        month = jan
}

@ARTICLE{2016MNRAS.457..110M,
       author = {{Menzel}, M. -L. and {Merloni}, A. and {Georgakakis}, A. and {Salvato}, M. and {Aubourg}, E. and {Brandt}, W.~N. and {Brusa}, M. and {Buchner}, J. and {Dwelly}, T. and {Nandra}, K. and {P{\^a}ris}, I. and {Petitjean}, P. and {Schwope}, A.},
        title = "{\emph{"A spectroscopic survey of X-ray-selected AGNs in the northern XMM-XXL field"}}",
       journal = {\mnras},
       year = 2016
}



@ARTICLE{2016MNRAS.459.1602L,
       author = {{Liu}, Zhu and {Merloni}, Andrea and {Georgakakis}, Antonis and {Menzel}, Marie-Luise and {Buchner}, Johannes and {Nandra}, Kirpal and {Salvato}, Mara and {Shen}, Yue and {Brusa}, Marcella and {Streblyanska}, Alina},
        title = "{\emph{"X-ray spectral properties of the AGN sample in the northern XMM-XXL field"}}",
      journal = {\mnras},
         year = 2016,
        month = jun
}


@ARTICLE{2016A&A...592A...1P,
       author = {{Pierre}, M. and {Pacaud}, F. and {Adami}, C. and {Alis}, S. and {Altieri}, B. and {Baran}, N. and {Benoist}, C. and {Birkinshaw}, M. and {Bongiorno}, A. and {Bremer}, M.~N. and {Brusa}, M. and {Butler}, A. and {Ciliegi}, P. and {Chiappetti}, L. and {Clerc}, N. and {Corasaniti}, P.~S. and {Coupon}, J. and {De Breuck}, C. and {Democles}, J. and {Desai}, S. and {Delhaize}, J. and {Devriendt}, J. and {Dubois}, Y. and {Eckert}, D. and {Elyiv}, A. and {Ettori}, S. and {Evrard}, A. and {Faccioli}, L. and {Farahi}, A. and {Ferrari}, C. and {Finet}, F. and {Fotopoulou}, S. and {Fourmanoit}, N. and {Gandhi}, P. and {Gastaldello}, F. and {Gastaud}, R. and {Georgantopoulos}, I. and {Giles}, P. and {Guennou}, L. and {Guglielmo}, V. and {Horellou}, C. and {Husband}, K. and {Huynh}, M. and {Iovino}, A. and {Kilbinger}, M. and {Koulouridis}, E. and {Lavoie}, S. and {Le Brun}, A.~M.~C. and {Le Fevre}, J.~P. and {Lidman}, C. and {Lieu}, M. and {Lin}, C.~A. and {Mantz}, A. and {Maughan}, B.~J. and {Maurogordato}, S. and {McCarthy}, I.~G. and {McGee}, S. and {Melin}, J.~B. and {Melnyk}, O. and {Menanteau}, F. and {Novak}, M. and {Paltani}, S. and {Plionis}, M. and {Poggianti}, B.~M. and {Pomarede}, D. and {Pompei}, E. and {Ponman}, T.~J. and {Ramos-Ceja}, M.~E. and {Ranalli}, P. and {Rapetti}, D. and {Raychaudury}, S. and {Reiprich}, T.~H. and {Rottgering}, H. and {Rozo}, E. and {Rykoff}, E. and {Sadibekova}, T. and {Santos}, J. and {Sauvageot}, J.~L. and {Schimd}, C. and {Sereno}, M. and {Smith}, G.~P. and {Smol{\v{c}}i{\'c}}, V. and {Snowden}, S. and {Spergel}, D. and {Stanford}, S. and {Surdej}, J. and {Valageas}, P. and {Valotti}, A. and {Valtchanov}, I. and {Vignali}, C. and {Willis}, J. and {Ziparo}, F.},
        title = "{\emph{"The XXL Survey. I. Scientific motivations - XMM-Newton observing plan - Follow-up observations and simulation programme"}}",
      journal = {\aap},
         year = 2016,
        month = jun
}




@ARTICLE{duras2020,
       author = {{Duras}, F. and {Bongiorno}, A. and {Ricci}, F. and {Piconcelli}, E. and {Shankar}, F. and {Lusso}, E. and {Bianchi}, S. and {Fiore}, F. and {Maiolino}, R. and {Marconi}, A. and {Onori}, F. and {Sani}, E. and {Schneider}, R. and {Vignali}, C. and {La Franca}, F.},
        title = "{\emph{"Universal bolometric corrections for active galactic nuclei over seven luminosity decades"}}",
      journal = {\aap},
         year = 2020,
        month = apr
}



@article{RapidXMM,
        title="{\emph{"The RapidXMM Upper Limit Server: X-ray aperture photometry of XMM-Newton archival observations"}}",
        author={A. Ruiz and A. Georgakakis and S. Gerakakis and R. Saxton and P. Kretschmar and A. Akylas and I. Georgantopoulos},
      year={2021}
    }
    

    
    
@article{VAR,
        title="{\emph{"Exploring black-hole scaling relations via the ensemble variability of Active Galactic Nuclei"}}",
        author={A. {Georgakakis} and I. {Papadakis} and M. {Paolillo}},
        year={2021},
        month = may
    }
    
    
    
@ARTICLE{2006PASP..118.1711W,
       author = {{Wright}, E.L.},
        title = "{\emph{"A Cosmology Calculator for the World Wide Web"}}",
      journal = {\pasp},
         year = 2006,
        month = dec
}



@article{Brandt,
        title="{\emph{"An Observational Overview of Active Galactic Nuclei "}}",
        author={N. {Brandt} },
        year={2014},
        journal = {USTC Summer School on "Formation and Co-Evolution of Galaxies and Supermassive Black Holes"},
        note={Hefei, China}
    }
  

@ARTICLE{ShakuraBlackHoles,
       author = {{Shakura}, N.~I. and {Sunyaev}, R.~A.},
        title = "{\emph{"Reprint of 1973: Black holes in binary systems. Observational appearance."}}",
      journal = {\aap},
         year = 1973,
        month = jun
}
    
@article{ShakuraInstability,
    author = {Shakura, N. I. and Sunyaev, R. A.},
    title = "{\emph{"A Theory of the Instability of disk Accretion on to Black Holes and the Variability of Binary X-ray Sources, Galactic Nuclei and Quasars"}}",
    journal = {Monthly Notices of the Royal Astronomical Society},
    volume = {175},
    year = {1976},
    month = {06}
}
  
@ARTICLE{Blackman98,
       author = {{Blackman}, Eric G.},
        title = "{\emph{"Variability associated with alpha accretion disc theory for standard and advection-dominated discs"}}",
      journal = {\mnras},
         year = 1998,
        month = oct
}

@ARTICLE{Lightman1974,
       author = {{Lightman}, Alan P. and {Eardley}, Douglas M.},
        title = "{\emph{"Black Holes in Binary Systems: Instability of Disk Accretion"}}",
      journal = {\apjl},
         year = 1974,
        month = jan
}

@ARTICLE{2003MNRAS.345.1271V,
       author = {{Vaughan}, S. and {Edelson}, R. and {Warwick}, R.~S. and {Uttley}, P.},
        title = "{\emph{"On characterizing the variability properties of X-ray light curves from active galaxies"}}",
      journal = {\mnras},
         year = 2003,
        month = nov
}
    
@article{Vaughan2,
    author = {Vaughan, S. and Fabian, A. C. and Nandra, K.},
    title = "{\emph{"X-ray continuum variability of MCG-6-30-15"}}",
    journal = {Monthly Notices of the Royal Astronomical Society},
    volume = {339},
    year = {2003},
    month = {03}
}

@ARTICLE{1999ApJ...524..667T,
       author = {{Turner}, T.~J. and {George}, I.~M. and {Nandra}, K. and {Turcan}, D.},
        title = "{\emph{"On X-Ray Variability in Seyfert Galaxies"}}",
      journal = {\apj},
         year = 1999
}
    
@ARTICLE{2001ApJ...547..684M,
       author = {{Markowitz}, A. and {Edelson}, R.},
        title = "{\emph{"An RXTE Survey of Long-Term X-Ray Variability in Seyfert 1 Galaxies"}}",
      journal = {\apj},
         year = 2001
}
    
@ARTICLE{2012MNRAS.425..623L,
       author = {{Lusso}, E. and {Comastri}, A. and {Simmons}, B.~D. and {Mignoli}, M. and {Zamorani}, G. and {Vignali}, C. and {Brusa}, M. and {Shankar}, F. and {Lutz}, D. and {Trump}, J.~R. and {Maiolino}, R. and {Gilli}, R. and {Bolzonella}, M. and {Puccetti}, S. and {Salvato}, M. and {Impey}, C.~D. and {Civano}, F. and {Elvis}, M. and {Mainieri}, V. and {Silverman}, J.~D. and {Koekemoer}, A.~M. and {Bongiorno}, A. and {Merloni}, A. and {Berta}, S. and {Le Floc'h}, E. and {Magnelli}, B. and {Pozzi}, F. and {Riguccini}, L.},
        title = "{\emph{"Bolometric luminosities and Eddington ratios of X-ray selected active galactic nuclei in the XMM-COSMOS survey"}}",
      journal = {\mnras},
         year = 2012
}

@ARTICLE{2007A&A...473..105M,
       author = {{Mateos}, S. and {Barcons}, X. and {Carrera}, F.~J. and {Page}, M.~J. and {Ceballos}, M.~T. and {Hasinger}, G. and {Fabian}, A.~C.},
        title = "{\emph{"XMM-Newton observations of the Lockman Hole. V. Time variability of the brightest AGN"}}",
      journal = {\aap},
         year = 2007
}

@ARTICLE{2006MNRAS.372..591P,
       author = {{Pierre}, M. and {Pacaud}, F. and {Duc}, P. -A. and {Willis}, J.~P. and {Andreon}, S. and {Valtchanov}, I. and {Altieri}, B. and {Galaz}, G. and {Gueguen}, A. and {Le F{\`e}vre}, J. -P. and {Le F{\`e}vre}, O. and {Ponman}, T. and {Sprimont}, P. -G. and {Surdej}, J. and {Adami}, C. and {Alshino}, A. and {Bremer}, M. and {Chiappetti}, L. and {Detal}, A. and {Garcet}, O. and {Gosset}, E. and {Jean}, C. and {Maccagni}, D. and {Marinoni}, C. and {Mazure}, A. and {Quintana}, H. and {Read}, A.},
        title = "{\emph{"The XMM Large-Scale Structure survey: a well-controlled X-ray cluster sample over the D1 CFHTLS area"}}",
      journal = {\mnras},
         year = 2006,
        month = oct
}

@ARTICLE{2016A&A...592A...1P,
       author = {{Pierre}, M. and {Pacaud}, F. and {Adami}, C. and {Alis}, S. and {Altieri}, B. and {Baran}, N. and {Benoist}, C. and {Birkinshaw}, M. and {Bongiorno}, A. and {Bremer}, M.~N. and {Brusa}, M. and {Butler}, A. and {Ciliegi}, P. and {Chiappetti}, L. and {Clerc}, N. and {Corasaniti}, P.~S. and {Coupon}, J. and {De Breuck}, C. and {Democles}, J. and {Desai}, S. and {Delhaize}, J. and {Devriendt}, J. and {Dubois}, Y. and {Eckert}, D. and {Elyiv}, A. and {Ettori}, S. and {Evrard}, A. and {Faccioli}, L. and {Farahi}, A. and {Ferrari}, C. and {Finet}, F. and {Fotopoulou}, S. and {Fourmanoit}, N. and {Gandhi}, P. and {Gastaldello}, F. and {Gastaud}, R. and {Georgantopoulos}, I. and {Giles}, P. and {Guennou}, L. and {Guglielmo}, V. and {Horellou}, C. and {Husband}, K. and {Huynh}, M. and {Iovino}, A. and {Kilbinger}, M. and {Koulouridis}, E. and {Lavoie}, S. and {Le Brun}, A.~M.~C. and {Le Fevre}, J.~P. and {Lidman}, C. and {Lieu}, M. and {Lin}, C.~A. and {Mantz}, A. and {Maughan}, B.~J. and {Maurogordato}, S. and {McCarthy}, I.~G. and {McGee}, S. and {Melin}, J.~B. and {Melnyk}, O. and {Menanteau}, F. and {Novak}, M. and {Paltani}, S. and {Plionis}, M. and {Poggianti}, B.~M. and {Pomarede}, D. and {Pompei}, E. and {Ponman}, T.~J. and {Ramos-Ceja}, M.~E. and {Ranalli}, P. and {Rapetti}, D. and {Raychaudury}, S. and {Reiprich}, T.~H. and {Rottgering}, H. and {Rozo}, E. and {Rykoff}, E. and {Sadibekova}, T. and {Santos}, J. and {Sauvageot}, J.~L. and {Schimd}, C. and {Sereno}, M. and {Smith}, G.~P. and {Smol{\v{c}}i{\'c}}, V. and {Snowden}, S. and {Spergel}, D. and {Stanford}, S. and {Surdej}, J. and {Valageas}, P. and {Valotti}, A. and {Valtchanov}, I. and {Vignali}, C. and {Willis}, J. and {Ziparo}, F.},
        title = "{\emph{"The XXL Survey. I. Scientific motivations - XMM-Newton observing plan - Follow-up observations and simulation programme"}}",
      journal = {\aap},
         year = 2016,
        month = jun
}

@ARTICLE{2018MNRAS.478.2132C,
       author = {{Chen}, C. -T.~J. and {Brandt}, W.~N. and {Luo}, B. and {Ranalli}, P. and {Yang}, G. and {Alexander}, D.~M. and {Bauer}, F.~E. and {Kelson}, D.~D. and {Lacy}, M. and {Nyland}, K. and {Tozzi}, P. and {Vito}, F. and {Cirasuolo}, M. and {Gilli}, R. and {Jarvis}, M.~J. and {Lehmer}, B.~D. and {Paolillo}, M. and {Schneider}, D.~P. and {Shemmer}, O. and {Smail}, I. and {Sun}, M. and {Tanaka}, M. and {Vaccari}, M. and {Vignali}, C. and {Xue}, Y.~Q. and {Banerji}, M. and {Chow}, K.~E. and {H{\"a}u{\ss}ler}, B. and {Norris}, R.~P. and {Silverman}, J.~D. and {Trump}, J.~R.},
        title = "{\emph{"The XMM-SERVS survey: new XMM-Newton point-source catalogue for the XMM-LSS field"}}",
      journal = {\mnras},
         year = 2018,
        month = aug
}

@ARTICLE{Feroz2019,
       author = {{Feroz}, Farhan and {Hobson}, Michael P. and {Cameron}, Ewan and {Pettitt}, Anthony N.},
        title = "{\emph{"Importance Nested Sampling and the MultiNest Algorithm"}}",
      journal = {The Open Journal of Astrophysics},
         year = 2019,
        month = nov
}

@INPROCEEDINGS{Loredo,
       author = {{Loredo}, Thomas J.},
        title = "{\emph{"Bayesian Adaptive Exploration"}}",
    booktitle = {Bayesian Inference and Maximum Entropy Methods in Science and Engineering},
         year = 2004,
       editor = {{Erickson}, Gary J. and {Zhai}, Yuxiang},
       series = {American Institute of Physics Conference Series},
        month = apr
}

@ARTICLE{2010A&A...518A..28P,
       author = {{Papadakis}, I.~E. and {Brinkmann}, W. and {Gliozzi}, M. and {Raeth}, C.},
        title = "{\emph{"XMM-Newton long-look observation of the narrow-line Seyfert 1 galaxy PKS 0558-504. II. Timing analysis"}}",
      journal = {\aap},
     keywords = {galaxies: active, galaxies: Seyfert, X-rays: galaxies, galaxies: individual: PKS 0558-504},
         year = 2010,
        month = jul
}

@INPROCEEDINGS{Handbook,
        title = {\emph{"XMM-Newton User's Handbook"}, Issue 2.19, 2021},
         year = 2021,
       series = {ESA: XMM-Newton SOC}
}

@ARTICLE{MOS,
       author = {{Turner}, M.~J.~L. and {Abbey}, A. and {Arnaud}, M. and {Balasini}, M. and {Barbera}, M. and {Belsole}, E. and {Bennie}, P.~J. and {Bernard}, J.~P. and {Bignami}, G.~F. and {Boer}, M. and {Briel}, U. and {Butler}, I. and {Cara}, C. and {Chabaud}, C. and {Cole}, R. and {Collura}, A. and {Conte}, M. and {Cros}, A. and {Denby}, M. and {Dhez}, P. and {Di Coco}, G. and {Dowson}, J. and {Ferrando}, P. and {Ghizzardi}, S. and {Gianotti}, F. and {Goodall}, C.~V. and {Gretton}, L. and {Griffiths}, R.~G. and {Hainaut}, O. and {Hochedez}, J.~F. and {Holland}, A.~D. and {Jourdain}, E. and {Kendziorra}, E. and {Lagostina}, A. and {Laine}, R. and {La Palombara}, N. and {Lortholary}, M. and {Lumb}, D. and {Marty}, P. and {Molendi}, S. and {Pigot}, C. and {Poindron}, E. and {Pounds}, K.~A. and {Reeves}, J.~N. and {Reppin}, C. and {Rothenflug}, R. and {Salvetat}, P. and {Sauvageot}, J.~L. and {Schmitt}, D. and {Sembay}, S. and {Short}, A.~D.~T. and {Spragg}, J. and {Stephen}, J. and {Str{\"u}der}, L. and {Tiengo}, A. and {Trifoglio}, M. and {Tr{\"u}mper}, J. and {Vercellone}, S. and {Vigroux}, L. and {Villa}, G. and {Ward}, M.~J. and {Whitehead}, S. and {Zonca}, E.},
        title = "{\emph{"The European Photon Imaging Camera on XMM-Newton: The MOS cameras"}}",
      journal = {\aap},
         year = 2001,
        month = jan
}


@ARTICLE{PN,
       author = {{Str{\"u}der}, L. and {Briel}, U. and {Dennerl}, K. and {Hartmann}, R. and {Kendziorra}, E. and {Meidinger}, N. and {Pfeffermann}, E. and {Reppin}, C. and {Aschenbach}, B. and {Bornemann}, W. and {Br{\"a}uninger}, H. and {Burkert}, W. and {Elender}, M. and {Freyberg}, M. and {Haberl}, F. and {Hartner}, G. and {Heuschmann}, F. and {Hippmann}, H. and {Kastelic}, E. and {Kemmer}, S. and {Kettenring}, G. and {Kink}, W. and {Krause}, N. and {M{\"u}ller}, S. and {Oppitz}, A. and {Pietsch}, W. and {Popp}, M. and {Predehl}, P. and {Read}, A. and {Stephan}, K.~H. and {St{\"o}tter}, D. and {Tr{\"u}mper}, J. and {Holl}, P. and {Kemmer}, J. and {Soltau}, H. and {St{\"o}tter}, R. and {Weber}, U. and {Weichert}, U. and {von Zanthier}, C. and {Carathanassis}, D. and {Lutz}, G. and {Richter}, R.~H. and {Solc}, P. and {B{\"o}ttcher}, H. and {Kuster}, M. and {Staubert}, R. and {Abbey}, A. and {Holland}, A. and {Turner}, M. and {Balasini}, M. and {Bignami}, G.~F. and {La Palombara}, N. and {Villa}, G. and {Buttler}, W. and {Gianini}, F. and {Lain{\'e}}, R. and {Lumb}, D. and {Dhez}, P.},
        title = "{\emph{"The European Photon Imaging Camera on XMM-Newton: The pn-CCD camera"}}",
      journal = {\aap},
         year = 2001,
        month = jan
}

@misc{spruit2010accretion,
      title={\emph{"Accretion disks"}}, 
      author={H. C. Spruit},
      year={2010}
}

@article{Radcliffe,
   title={\emph{"The radio emission from active galactic nuclei"}},
   journal={Astronomy & Astrophysics},
   publisher={EDP Sciences},
   author={Radcliffe, J. F. and Barthel, P. D. and Garrett, M. A. and Beswick, R. J. and Thomson, A. P. and Muxlow, T. W. B.},
   year={2021},
   month={May}
}
